<?xml version="1.0" encoding="UTF-8"?><record xmlns="http://www.loc.gov/MARC21/slim" xmlns:cinclude="http://apache.org/cocoon/include/1.0" xmlns:zs="http://www.loc.gov/zing/srw/">
  <leader>01291cz  a2200217n  4500</leader>
  <controlfield tag="001">n 2010011830</controlfield>
  <controlfield tag="003">DLC</controlfield>
  <controlfield tag="005">20160809075231.0</controlfield>
  <controlfield tag="008">100301n| azannaabn          |n aaa      </controlfield>
  <datafield tag="010" ind1=" " ind2=" ">
    <subfield code="a">n 2010011830</subfield>
  </datafield>
  <datafield tag="035" ind1=" " ind2=" ">
    <subfield code="a">(OCoLC)oca08411084</subfield>
  </datafield>
  <datafield tag="040" ind1=" " ind2=" ">
    <subfield code="a">DLC</subfield>
    <subfield code="b">eng</subfield>
    <subfield code="e">rda</subfield>
    <subfield code="c">DLC</subfield>
    <subfield code="d">UPB</subfield>
  </datafield>
  <datafield tag="046" ind1=" " ind2=" ">
    <subfield code="f">1971-02-09</subfield>
    <subfield code="2">edtf</subfield>
  </datafield>
  <datafield tag="100" ind1="1" ind2=" ">
    <subfield code="a">Murphy, Erin,</subfield>
    <subfield code="d">1971-</subfield>
  </datafield>
  <datafield tag="370" ind1=" " ind2=" ">
    <subfield code="a">Brooklyn (New York, N.Y.)</subfield>
    <subfield code="2">naf</subfield>
  </datafield>
  <datafield tag="373" ind1=" " ind2=" ">
    <subfield code="a">Boston University</subfield>
    <subfield code="2">naf</subfield>
  </datafield>
  <datafield tag="374" ind1=" " ind2=" ">
    <subfield code="a">College teachers</subfield>
    <subfield code="2">lcsh</subfield>
  </datafield>
  <datafield tag="375" ind1=" " ind2=" ">
    <subfield code="a">female</subfield>
  </datafield>
  <datafield tag="377" ind1=" " ind2=" ">
    <subfield code="a">eng</subfield>
  </datafield>
  <datafield tag="670" ind1=" " ind2=" ">
    <subfield code="a">Familial forms, 2010:</subfield>
    <subfield code="b">ECIP t.p. (Erin Murphy) data view (b. Feb. 9, 1971 in Brooklyn, New York. ; Ph.D. from Rutgers Univ.; assistant professor of English at Boston Univ., teaches 17th-century English literature and gender and sexuality studies; before entering academia, she served as a New York City Urban Fellow and worked for the NOW Legal Defense Fund)</subfield>
  </datafield>
  <datafield tag="670" ind1=" " ind2=" ">
    <subfield code="a">Milton now, 2014:</subfield>
    <subfield code="b">title page (edited by Erin Murphy) page 266 (Erin Murphy is associate professor of English and Women's, Gender and Sexuality Studies at Boston University; her publications include Familial Forms: Politics and Genealogy in Seventeenth-Century English (2011) and several articles on Milton; her latest book project is Wartimes: Seventeenth-Century English Women's Writing and Its Afterlives)</subfield>
  </datafield>
</record>